% This file was created with JabRef 2.5.
% Encoding: Cp1252

%%%%%%%%%%%%%%%%%%%%%%%%%%%%%%%%%%%%%%
% ANOMALY DETECTION
%%%%%%%%%%%%%%%%%%%%%%%%%%%%%%%%%%%%%%
@inproceedings{meng2019loganomaly,
  title={Loganomaly: Unsupervised detection of sequential and quantitative anomalies in unstructured logs},
  author={Meng, Weibin and Liu, Ying and Zhu, Yichen and Zhang, Shenglin and Pei, Dan and Liu, Yuqing and Chen, Yihao and Zhang, Ruizhi and Tao, Shimin and Sun, Pei and others},
  booktitle={Proceedings of the Twenty-Eighth International Joint Conference on Artificial Intelligence, IJCAI-19. International Joint Conferences on Artificial Intelligence Organization},
  volume={7},
  pages={4739--4745},
  year={2019}
}
@inproceedings{malhotra2015long,
  title={Long short term memory networks for anomaly detection in time series},
  author={Malhotra, Pankaj and Vig, Lovekesh and Shroff, Gautam and Agarwal, Puneet},
  booktitle={Proceedings},
  volume={89},
  year={2015},
  organization={Presses universitaires de Louvain}
}
@article{yuan2006automated,
  title={Automated known problem diagnosis with event traces},
  author={Yuan, Chun and Lao, Ni and Wen, Ji-Rong and Li, Jiwei and Zhang, Zheng and Wang, Yi-Min and Ma, Wei-Ying},
  journal={ACM SIGOPS Operating Systems Review},
  volume={40},
  number={4},
  pages={375--388},
  year={2006},
  publisher={ACM New York, NY, USA}
}
@inproceedings{bertero2017experience,
  title={Experience report: Log mining using natural language processing and application to anomaly detection},
  author={Bertero, Christophe and Roy, Matthieu and Sauvanaud, Carla and Tr{\'e}dan, Gilles},
  booktitle={2017 IEEE 28th International Symposium on Software Reliability Engineering (ISSRE)},
  pages={351--360},
  year={2017},
  organization={IEEE}
}
@inproceedings{zhang2016automated,
  title={Automated IT system failure prediction: A deep learning approach},
  author={Zhang, Ke and Xu, Jianwu and Min, Martin Renqiang and Jiang, Guofei and Pelechrinis, Konstantinos and Zhang, Hui},
  booktitle={2016 IEEE International Conference on Big Data (Big Data)},
  pages={1291--1300},
  year={2016},
  organization={IEEE}
}
@inproceedings{lin2016log,
  title={Log clustering based problem identification for online service systems},
  author={Lin, Qingwei and Zhang, Hongyu and Lou, Jian-Guang and Zhang, Yu and Chen, Xuewei},
  booktitle={2016 IEEE/ACM 38th International Conference on Software Engineering Companion (ICSE-C)},
  pages={102--111},
  year={2016},
  organization={IEEE}
}
@inproceedings{zhang2019robust,
  title={Robust log-based anomaly detection on unstable log data},
  author={Zhang, Xu and Xu, Yong and Lin, Qingwei and Qiao, Bo and Zhang, Hongyu and Dang, Yingnong and Xie, Chunyu and Yang, Xinsheng and Cheng, Qian and Li, Ze and others},
  booktitle={Proceedings of the 2019 27th ACM Joint Meeting on European Software Engineering Conference and Symposium on the Foundations of Software Engineering},
  pages={807--817},
  year={2019}
}
@article{armbrust2010view,
  title={A view of cloud computing},
  author={Armbrust, Michael and Fox, Armando and Griffith, Rean and Joseph, Anthony D and Katz, Randy and Konwinski, Andy and Lee, Gunho and Patterson, David and Rabkin, Ariel and Stoica, Ion and others},
  journal={Communications of the ACM},
  volume={53},
  number={4},
  pages={50--58},
  year={2010},
  publisher={ACM New York, NY, USA}
}
@inproceedings{farshchi2015anomaly,
  title={Anomaly Detection of Cloud Application Operations Using Log and Cloud Metric Correlation Analysis},
  author={Farshchi, Mostafa and Schneider, Jean-Guy and Weber, Ingo and Grundy, John},
  year={2015},
  organization={ISSRE}
}
@inproceedings{du2017deeplog,
  title={Deeplog: Anomaly detection and diagnosis from system logs through deep learning},
  author={Du, Min and Li, Feifei and Zheng, Guineng and Srikumar, Vivek},
  booktitle={Proceedings of the 2017 ACM SIGSAC Conference on Computer and Communications Security},
  pages={1285--1298},
  year={2017}
}
@incollection{breier2015anomaly,
  title={Anomaly detection from log files using data mining techniques},
  author={Breier, Jakub and Brani{\v{s}}ov{\'a}, Jana},
  booktitle={Information Science and Applications},
  pages={449--457},
  year={2015},
  publisher={Springer}
}
@inproceedings{liang2007failure,
  title={Failure prediction in ibm bluegene/l event logs},
  author={Liang, Yinglung and Zhang, Yanyong and Xiong, Hui and Sahoo, Ramendra},
  booktitle={Seventh IEEE International Conference on Data Mining (ICDM 2007)},
  pages={583--588},
  year={2007},
  organization={IEEE}
}
@inproceedings{chen2004failure,
  title={Failure diagnosis using decision trees},
  author={Chen, Mike and Zheng, Alice X and Lloyd, Jim and Jordan, Michael I and Brewer, Eric},
  booktitle={International Conference on Autonomic Computing, 2004. Proceedings.},
  pages={36--43},
  year={2004},
  organization={IEEE}
}
@inproceedings{xu2009detecting,
  title={Detecting large-scale system problems by mining console logs},
  author={Xu, Wei and Huang, Ling and Fox, Armando and Patterson, David and Jordan, Michael I},
  booktitle={Proceedings of the ACM SIGOPS 22nd symposium on Operating systems principles},
  pages={117--132},
  year={2009}
}



%%%%%%%%%%%%%%%%%%%%%%%
% WORD EMBEDDINGS
%%%%%%%%%%%%%%%%%%%%%%%
@inproceedings{mikolov2013distributed,
  title={Distributed representations of words and phrases and their compositionality},
  author={Mikolov, Tomas and Sutskever, Ilya and Chen, Kai and Corrado, Greg S and Dean, Jeff},
  booktitle={Advances in neural information processing systems},
  pages={3111--3119},
  year={2013}
}
@article{devlin2018bert,
  title={Bert: Pre-training of deep bidirectional transformers for language understanding},
  author={Devlin, Jacob and Chang, Ming-Wei and Lee, Kenton and Toutanova, Kristina},
  journal={arXiv preprint arXiv:1810.04805},
  year={2018}
}
@article{bowman2015large,
  title={A large annotated corpus for learning natural language inference},
  author={Bowman, Samuel R and Angeli, Gabor and Potts, Christopher and Manning, Christopher D},
  journal={arXiv preprint arXiv:1508.05326},
  year={2015}
}


@article{reddy2019coqa,
  title={Coqa: A conversational question answering challenge},
  author={Reddy, Siva and Chen, Danqi and Manning, Christopher D},
  journal={Transactions of the Association for Computational Linguistics},
  volume={7},
  pages={249--266},
  year={2019},
  publisher={MIT Press}
}

@article{sebastiani2002machine,
  title={Machine learning in automated text categorization},
  author={Sebastiani, Fabrizio},
  journal={ACM computing surveys (CSUR)},
  volume={34},
  number={1},
  pages={1--47},
  year={2002},
  publisher={ACM New York, NY, USA}
}

@inproceedings{dolan2005automatically,
  title={Automatically constructing a corpus of sentential paraphrases},
  author={Dolan, William B and Brockett, Chris},
  booktitle={Proceedings of the Third International Workshop on Paraphrasing (IWP2005)},
  year={2005}
}
@article{radford2019language,
  title={Language models are unsupervised multitask learners},
  author={Radford, Alec and Wu, Jeffrey and Child, Rewon and Luan, David and Amodei, Dario and Sutskever, Ilya},
  journal={OpenAI Blog},
  volume={1},
  number={8},
  pages={9},
  year={2019}
}


@inproceedings{xu2010robust,
  title={Robust PCA via outlier pursuit},
  author={Xu, Huan and Caramanis, Constantine and Sanghavi, Sujay},
  booktitle={Advances in Neural Information Processing Systems},
  pages={2496--2504},
  year={2010}
}



@article{he2017towards,
  title={Towards automated log parsing for large-scale log data analysis},
  author={He, Pinjia and Zhu, Jieming and He, Shilin and Li, Jian and Lyu, Michael R},
  journal={IEEE Transactions on Dependable and Secure Computing},
  volume={15},
  number={6},
  pages={931--944},
  year={2017},
  publisher={IEEE}
}

@inproceedings{brown2018recurrent,
  title={Recurrent neural network attention mechanisms for interpretable system log anomaly detection},
  author={Brown, Andy and Tuor, Aaron and Hutchinson, Brian and Nichols, Nicole},
  booktitle={Proceedings of the First Workshop on Machine Learning for Computing Systems},
  pages={1--8},
  year={2018}
}
@article{brown1992class,
  title={Class-based n-gram models of natural language},
  author={Brown, Peter F and Desouza, Peter V and Mercer, Robert L and Pietra, Vincent J Della and Lai, Jenifer C},
  journal={Computational linguistics},
  volume={18},
  number={4},
  pages={467--479},
  year={1992},
  publisher={MIT Press}
}
@inproceedings{mikolov2010recurrent,
  title={Recurrent neural network based language model},
  author={Mikolov, Tom{\'a}{\v{s}} and Karafi{\'a}t, Martin and Burget, Luk{\'a}{\v{s}} and {\v{C}}ernock{\`y}, Jan and Khudanpur, Sanjeev},
  booktitle={Eleventh annual conference of the international speech communication association},
  year={2010}
}
@inproceedings{pennington2014glove,
  title={Glove: Global vectors for word representation},
  author={Pennington, Jeffrey and Socher, Richard and Manning, Christopher D},
  booktitle={Proceedings of the 2014 conference on empirical methods in natural language processing (EMNLP)},
  pages={1532--1543},
  year={2014}
}

@inproceedings{vaswani2017attention,
  title={Attention is all you need},
  author={Vaswani, Ashish and Shazeer, Noam and Parmar, Niki and Uszkoreit, Jakob and Jones, Llion and Gomez, Aidan N and Kaiser, {\L}ukasz and Polosukhin, Illia},
  booktitle={Advances in neural information processing systems},
  pages={5998--6008},
  year={2017}
}
@inproceedings{vaarandi2003data,
  title={A data clustering algorithm for mining patterns from event logs},
  author={Vaarandi, Risto},
  booktitle={Proceedings of the 3rd IEEE Workshop on IP Operations \& Management (IPOM 2003)(IEEE Cat. No. 03EX764)},
  pages={119--126},
  year={2003},
  organization={IEEE}
}
@inproceedings{vinayakumar2017long,
  title={Long short-term memory based operation log anomaly detection},
  author={Vinayakumar, R and Soman, KP and Poornachandran, Prabaharan},
  booktitle={2017 International Conference on Advances in Computing, Communications and Informatics (ICACCI)},
  pages={236--242},
  year={2017},
  organization={IEEE}
}
@inproceedings{zhu2019tools,
  title={Tools and benchmarks for automated log parsing},
  author={Zhu, Jieming and He, Shilin and Liu, Jinyang and He, Pinjia and Xie, Qi and Zheng, Zibin and Lyu, Michael R},
  booktitle={2019 IEEE/ACM 41st International Conference on Software Engineering: Software Engineering in Practice (ICSE-SEIP)},
  pages={121--130},
  year={2019},
  organization={IEEE}
}
@article{yang2017breaking,
  title={Breaking the softmax bottleneck: A high-rank RNN language model},
  author={Yang, Zhilin and Dai, Zihang and Salakhutdinov, Ruslan and Cohen, William W},
  journal={arXiv preprint arXiv:1711.03953},
  year={2017}
}
@article{wang2019language,
  title={Language models with transformers},
  author={Wang, Chenguang and Li, Mu and Smola, Alexander J},
  journal={arXiv preprint arXiv:1904.09408},
  year={2019}
}
@inproceedings{blitzer2006domain,
  title={Domain adaptation with structural correspondence learning},
  author={Blitzer, John and McDonald, Ryan and Pereira, Fernando},
  booktitle={Proceedings of the 2006 conference on empirical methods in natural language processing},
  pages={120--128},
  year={2006}
}

@inproceedings{makanju2009clustering,
  title={Clustering event logs using iterative partitioning},
  author={Makanju, Adetokunbo AO and Zincir-Heywood, A Nur and Milios, Evangelos E},
  booktitle={Proceedings of the 15th ACM SIGKDD international conference on Knowledge discovery and data mining},
  pages={1255--1264},
  year={2009}
}

@inproceedings{du2016spell,
  title={Spell: Streaming parsing of system event logs},
  author={Du, Min and Li, Feifei},
  booktitle={2016 IEEE 16th International Conference on Data Mining (ICDM)},
  pages={859--864},
  year={2016},
  organization={IEEE}
}



@inproceedings{he2017drain,
  title={Drain: An online log parsing approach with fixed depth tree},
  author={He, Pinjia and Zhu, Jieming and Zheng, Zibin and Lyu, Michael R},
  booktitle={2017 IEEE International Conference on Web Services (ICWS)},
  pages={33--40},
  year={2017},
  organization={IEEE}
}
@article{merity2017regularizing,
  title={Regularizing and optimizing LSTM language models},
  author={Merity, Stephen and Keskar, Nitish Shirish and Socher, Richard},
  journal={arXiv preprint arXiv:1708.02182},
  year={2017}
}


@misc{mittechnologyreviewkingqueen,
  title = {MIT Technology Review: King - Man + Woman = Queen: The Marvelous Mathematics of Computational Linguistics},
  howpublished = {\url{https://www.technologyreview.com/2015/09/17/166211/king-man-woman-queen-the-marvelous-mathematics-of-computational-linguistics/}},
  note = {Accessed: 2020-06-11}
}

@misc{googlebert,
  title = {Bert},
  howpublished = {\url{https://github.com/google-research/bert}},
  note = {Accessed: 2020-05-17}
}

@misc{redhatcloudcomputing,
  title = {Red Hat Cloud Computing},
  howpublished = {\url{https://www.redhat.com/en/topics/cloud-computing/cloud-vs-virtualization}},
  note = {Accessed: 2020-06-08}
}


@misc{colahlstm,
  title = {Understanding LSTM Networks},
  howpublished = {\url{https://colah.github.io/posts/2015-08-Understanding-LSTMs/}},
  note = {Accessed: 2020-06-10}
  }


@book{manning2008introduction,
  title={Introduction to information retrieval},
  author={Manning, Christopher D and Raghavan, Prabhakar and Sch{\"u}tze, Hinrich},
  year={2008},
  publisher={Cambridge university press}
}
@article{graves2005framewise,
  title={Framewise phoneme classification with bidirectional LSTM and other neural network architectures},
  author={Graves, Alex and Schmidhuber, J{\"u}rgen},
  journal={Neural networks},
  volume={18},
  number={5-6},
  pages={602--610},
  year={2005},
  publisher={Elsevier}
}
@inproceedings{tellex2003quantitative,
  title={Quantitative evaluation of passage retrieval algorithms for question answering},
  author={Tellex, Stefanie and Katz, Boris and Lin, Jimmy and Fernandes, Aaron and Marton, Gregory},
  booktitle={Proceedings of the 26th annual international ACM SIGIR conference on Research and development in informaion retrieval},
  pages={41--47},
  year={2003}
}

@article{sibi2013analysis,
  title={Analysis of different activation functions using back propagation neural networks},
  author={Sibi, P and Jones, S Allwyn and Siddarth, P},
  journal={Journal of Theoretical and Applied Information Technology},
  volume={47},
  number={3},
  pages={1264--1268},
  year={2013}
}

@article{greff2016lstm,
  title={LSTM: A search space odyssey},
  author={Greff, Klaus and Srivastava, Rupesh K and Koutn{\'\i}k, Jan and Steunebrink, Bas R and Schmidhuber, J{\"u}rgen},
  journal={IEEE transactions on neural networks and learning systems},
  volume={28},
  number={10},
  pages={2222--2232},
  year={2016},
  publisher={IEEE}
}
@article{ando2005framework,
  title={A framework for learning predictive structures from multiple tasks and unlabeled data},
  author={Ando, Rie Kubota and Zhang, Tong},
  journal={Journal of Machine Learning Research},
  volume={6},
  number={Nov},
  pages={1817--1853},
  year={2005}
}


@BOOK{SIPBook,
  title = {SIP, understanding the Session Initiation Protocol, Second Edition},
  publisher = {Artech House Publishers},
  year = {2003},
  author = {Alan B. Johnston},
  note = {ISBN: 1580536557}
}

@article{otter2020survey,
  title={A survey of the usages of deep learning for natural language processing},
  author={Otter, Daniel W and Medina, Julian R and Kalita, Jugal K},
  journal={IEEE Transactions on Neural Networks and Learning Systems},
  year={2020},
  publisher={IEEE}
}

@article{peters2018deep,
  title={Deep contextualized word representations},
  author={Peters, Matthew E and Neumann, Mark and Iyyer, Mohit and Gardner, Matt and Clark, Christopher and Lee, Kenton and Zettlemoyer, Luke},
  journal={arXiv preprint arXiv:1802.05365},
  year={2018}
}

@STANDARD{rfcsip,
  title = {SIP: Session Initiation Protocol},
  author = {J. Rosenberg and H. Schulzrinne and G. Camarillo and A. Johnston
	and J. Peterson and R. Sparks and M. Handley and E. Schooler},
  howpublished = {RFC 3261 (Proposed Standard)},
  number = {3261},
  month = jun,
  year = {2002},
  note = {Updated by RFCs 3265, 3853, 4320, 4916, 5393},
  url = {http://www.ietf.org/rfc/rfc3261.txt},
  organisation = {Internet Engineering Task Force},
  publisher = {IETF},
  series = {Request for Comments}
}

@MANUAL{w3cwsdl,
  title = {Web Services Description Language (WSDL) 1.1},
  organization = {W3C},
  year = {2001},
  note = {\url{http://www.w3.org/TR/wsdl}}
}
@article{chandola2009anomaly,
  title={Anomaly detection: A survey},
  author={Chandola, Varun and Banerjee, Arindam and Kumar, Vipin},
  journal={ACM computing surveys (CSUR)},
  volume={41},
  number={3},
  pages={1--58},
  year={2009},
  publisher={ACM New York, NY, USA}
}

@book{hallmachinelearning,
    author    = {A.C. Faul},
    title     = {A Concise Introduction to Machine Learning},
    year      = {2019},
    publisher = {Chapman and Hall/CRC},
}
@article{rajpurkar2016squad,
  title={Squad: 100,000+ questions for machine comprehension of text},
  author={Rajpurkar, Pranav and Zhang, Jian and Lopyrev, Konstantin and Liang, Percy},
  journal={arXiv preprint arXiv:1606.05250},
  year={2016}
}
@article{wang2018glue,
  title={Glue: A multi-task benchmark and analysis platform for natural language understanding},
  author={Wang, Alex and Singh, Amanpreet and Michael, Julian and Hill, Felix and Levy, Omer and Bowman, Samuel R},
  journal={arXiv preprint arXiv:1804.07461},
  year={2018}
}
@article{lee2012unified,
  title={The unified logging infrastructure for data analytics at Twitter},
  author={Lee, George and Lin, Jimmy and Liu, Chuang and Lorek, Andrew and Ryaboy, Dmitriy},
  journal={arXiv preprint arXiv:1208.4171},
  year={2012}
}
@inproceedings{chow2014mystery,
  title={The mystery machine: End-to-end performance analysis of large-scale internet services},
  author={Chow, Michael and Meisner, David and Flinn, Jason and Peek, Daniel and Wenisch, Thomas F},
  booktitle={11th $\{$USENIX$\}$ Symposium on Operating Systems Design and Implementation ($\{$OSDI$\}$ 14)},
  pages={217--231},
  year={2014}
}
@inproceedings{barham2004using,
  title={Using Magpie for request extraction and workload modelling.},
  author={Barham, Paul and Donnelly, Austin and Isaacs, Rebecca and Mortier, Richard},
  booktitle={OSDI},
  volume={4},
  pages={18--18},
  year={2004}
}
@inproceedings{he2017drain,
  title={Drain: An online log parsing approach with fixed depth tree},
  author={He, Pinjia and Zhu, Jieming and Zheng, Zibin and Lyu, Michael R},
  booktitle={2017 IEEE International Conference on Web Services (ICWS)},
  pages={33--40},
  year={2017},
  organization={IEEE}
}
@inproceedings{makanju2009clustering,
  title={Clustering event logs using iterative partitioning},
  author={Makanju, Adetokunbo AO and Zincir-Heywood, A Nur and Milios, Evangelos E},
  booktitle={Proceedings of the 15th ACM SIGKDD international conference on Knowledge discovery and data mining},
  pages={1255--1264},
  year={2009}
}
@inproceedings{graves2013speech,
  title={Speech recognition with deep recurrent neural networks},
  author={Graves, Alex and Mohamed, Abdel-rahman and Hinton, Geoffrey},
  booktitle={2013 IEEE international conference on acoustics, speech and signal processing},
  pages={6645--6649},
  year={2013},
  organization={IEEE}
}

@article{miller1995wordnet,
  title={WordNet: a lexical database for English},
  author={Miller, George A},
  journal={Communications of the ACM},
  volume={38},
  number={11},
  pages={39--41},
  year={1995},
  publisher={ACM New York, NY, USA}
}
@article{nguyen2016integrating,
  title={Integrating distributional lexical contrast into word embeddings for antonym-synonym distinction},
  author={Nguyen, Kim Anh and Walde, Sabine Schulte im and Vu, Ngoc Thang},
  journal={arXiv preprint arXiv:1605.07766},
  year={2016}
}
@article{joulin2016fasttext,
  title={Fasttext. zip: Compressing text classification models},
  author={Joulin, Armand and Grave, Edouard and Bojanowski, Piotr and Douze, Matthijs and J{\'e}gou, H{\'e}rve and Mikolov, Tomas},
  journal={arXiv preprint arXiv:1612.03651},
  year={2016}
}